
   <record>
      <leader>00000nz  a2200000nc 4500</leader>
      <controlfield tag="001">institutions/51001528</controlfield>
      <controlfield tag="003">DE-633</controlfield>
      <controlfield tag="005">20250620052239.0</controlfield>
      <controlfield tag="008">180409||||z|||a|||||||||||||||||n||||||d</controlfield>
      <datafield tag="024" ind1="7" ind2=" ">
         <subfield code="a">151896883</subfield>
         <subfield code="2">VIAF</subfield>
      </datafield>
      <datafield tag="024" ind1="7" ind2=" ">
         <subfield code="a">H-Bbba</subfield>
         <subfield code="q">siglum</subfield>
         <subfield code="2">rism</subfield>
      </datafield>
      <datafield tag="034" ind1="1" ind2=" ">
         <subfield code="d">19.032696</subfield>
         <subfield code="f">47.503879</subfield>
      </datafield>
      <datafield tag="040" ind1=" " ind2=" ">
         <subfield code="a">DE-633</subfield>
         <subfield code="c">DE-633</subfield>
         <subfield code="e">rismg</subfield>
      </datafield>
      <datafield tag="043" ind1=" " ind2=" ">
         <subfield code="c">XA-HU</subfield>
      </datafield>
      <datafield tag="110" ind1="1" ind2=" ">
         <subfield code="a">Bartók Archívum</subfield>
         <subfield code="c">Budapest</subfield>
         <subfield code="g">H-Bbba</subfield>
      </datafield>
      <datafield tag="368" ind1=" " ind2=" ">
         <subfield code="a">Institution</subfield>
         <subfield code="a">Library</subfield>
         <subfield code="a">Archive</subfield>
      </datafield>
      <datafield tag="371" ind1=" " ind2=" ">
         <subfield code="a">Táncsics Mihály utca 7.</subfield>
         <subfield code="b">Budapest</subfield>
         <subfield code="d">Hungary</subfield>
         <subfield code="e">1014</subfield>
         <subfield code="m">bartok@zti.hu</subfield>
         <subfield code="u">http://zti.hu/index.php/hu/bartok</subfield>
         <subfield code="z">tel: +36 / 1 375-2139</subfield>
         <subfield code="z">fax: +36 / 1 375-9282</subfield>
      </datafield>
      <datafield tag="510" ind1="1" ind2=" ">
         <subfield code="a">MTA Bölcsészettudományi Kutatóközpont Zenetudományi Intézet - Bartók Archívum</subfield>
      </datafield>
      <datafield tag="551" ind1="1" ind2=" ">
         <subfield code="a">Budapest</subfield>
         <subfield code="0">places/3900114</subfield>
      </datafield>
   </record>