
   <record>
      <leader>00000nz  a2200000nc 4500</leader>
      <controlfield tag="001">institutions/51006077</controlfield>
      <controlfield tag="003">DE-633</controlfield>
      <controlfield tag="005">20250620052306.0</controlfield>
      <controlfield tag="008">220121||||z|||a|||||||||||||||||n||||||d</controlfield>
      <datafield tag="024" ind1="7" ind2=" ">
         <subfield code="a">H-Blsh</subfield>
         <subfield code="q">siglum</subfield>
         <subfield code="2">rism</subfield>
      </datafield>
      <datafield tag="034" ind1="1" ind2=" ">
         <subfield code="d">19.06663512699937</subfield>
         <subfield code="f">47.506941384507144</subfield>
      </datafield>
      <datafield tag="040" ind1=" " ind2=" ">
         <subfield code="a">DE-633</subfield>
         <subfield code="c">DE-633</subfield>
         <subfield code="e">rismg</subfield>
      </datafield>
      <datafield tag="043" ind1=" " ind2=" ">
         <subfield code="c">XA-HU</subfield>
      </datafield>
      <datafield tag="110" ind1="1" ind2=" ">
         <subfield code="a">Liszt Ferenc Zeneművészeti Egyetem, Egyházzene Tanszék, Szendrei-hagyaték, Budapest</subfield>
         <subfield code="c">Budapest</subfield>
         <subfield code="g">H-Blsh</subfield>
      </datafield>
      <datafield tag="368" ind1=" " ind2=" ">
         <subfield code="a">Institution</subfield>
         <subfield code="a">Library</subfield>
      </datafield>
      <datafield tag="371" ind1=" " ind2=" ">
         <subfield code="a">Vörösmarty u. 35. III.em.</subfield>
         <subfield code="b">Budapest</subfield>
         <subfield code="d">Hungary</subfield>
         <subfield code="e">1064</subfield>
         <subfield code="u">https://egyhazzene.hu/</subfield>
      </datafield>
      <datafield tag="510" ind1="2" ind2=" ">
         <subfield code="a">Liszt Academy, Church Music Department, Szendrei Collection</subfield>
      </datafield>
      <datafield tag="551" ind1="1" ind2=" ">
         <subfield code="a">Budapest</subfield>
         <subfield code="0">places/3900114</subfield>
      </datafield>
   </record>