
   <record>
      <leader>00000nz  a2200000nc 4500</leader>
      <controlfield tag="001">institutions/51005193</controlfield>
      <controlfield tag="003">DE-633</controlfield>
      <controlfield tag="005">20250620052300.0</controlfield>
      <controlfield tag="008">210518||||z|||a|||||||||||||||||n||||||d</controlfield>
      <datafield tag="024" ind1="7" ind2=" ">
         <subfield code="a">H-Fek</subfield>
         <subfield code="q">siglum</subfield>
         <subfield code="2">rism</subfield>
      </datafield>
      <datafield tag="034" ind1="1" ind2=" ">
         <subfield code="d">16.8718377705112</subfield>
         <subfield code="f">47.62045333448861</subfield>
      </datafield>
      <datafield tag="040" ind1=" " ind2=" ">
         <subfield code="a">DE-633</subfield>
         <subfield code="c">DE-633</subfield>
         <subfield code="e">rismg</subfield>
      </datafield>
      <datafield tag="043" ind1=" " ind2=" ">
         <subfield code="c">XA-HU</subfield>
      </datafield>
      <datafield tag="110" ind1="1" ind2=" ">
         <subfield code="a">Esterházy-kastély, Könyvtár</subfield>
         <subfield code="c">Fertőd</subfield>
         <subfield code="g">H-Fek</subfield>
      </datafield>
      <datafield tag="368" ind1=" " ind2=" ">
         <subfield code="a">Institution</subfield>
         <subfield code="a">Library</subfield>
      </datafield>
      <datafield tag="371" ind1=" " ind2=" ">
         <subfield code="a">Joseph Haydn út 2.</subfield>
         <subfield code="b">Fertőd–Eszterháza</subfield>
         <subfield code="d">Hungary</subfield>
         <subfield code="e">9431</subfield>
         <subfield code="m">titkarsag@eszterhaza.hu</subfield>
         <subfield code="u">http://eszterhaza.hu/kezdolap</subfield>
         <subfield code="z">tel: +36 / 99 / 537 640</subfield>
      </datafield>
      <datafield tag="510" ind1="2" ind2=" ">
         <subfield code="a">Schloss Esterházy, Bibliothek</subfield>
      </datafield>
      <datafield tag="551" ind1="1" ind2=" ">
         <subfield code="a">Fertőd</subfield>
         <subfield code="0">places/50004407</subfield>
      </datafield>
   </record>