
   <record>
      <leader>00000nz  a2200000nc 4500</leader>
      <controlfield tag="001">institutions/51002986</controlfield>
      <controlfield tag="003">DE-633</controlfield>
      <controlfield tag="005">20250620052248.0</controlfield>
      <controlfield tag="008">190523||||z|||a|||||||||||||||||n||||||d</controlfield>
      <datafield tag="024" ind1="7" ind2=" ">
         <subfield code="a">H-KKki</subfield>
         <subfield code="q">siglum</subfield>
         <subfield code="2">rism</subfield>
      </datafield>
      <datafield tag="034" ind1="1" ind2=" ">
         <subfield code="d">19.693458526582333</subfield>
         <subfield code="f">46.90680679835833</subfield>
      </datafield>
      <datafield tag="040" ind1=" " ind2=" ">
         <subfield code="a">DE-633</subfield>
         <subfield code="c">DE-633</subfield>
         <subfield code="e">rismg</subfield>
      </datafield>
      <datafield tag="043" ind1=" " ind2=" ">
         <subfield code="c">XA-HU</subfield>
      </datafield>
      <datafield tag="110" ind1="1" ind2=" ">
         <subfield code="a">Liszt Ferenc Zeneművészeti Egyetem Kodály Intézete</subfield>
         <subfield code="c">Kecskemét</subfield>
         <subfield code="g">H-KKki</subfield>
      </datafield>
      <datafield tag="368" ind1=" " ind2=" ">
         <subfield code="a">Institution</subfield>
         <subfield code="a">Library</subfield>
         <subfield code="a">Archive</subfield>
      </datafield>
      <datafield tag="371" ind1=" " ind2=" ">
         <subfield code="a">P.O.Box 188</subfield>
         <subfield code="b">6001 Kecskemét</subfield>
         <subfield code="d">Hungary</subfield>
         <subfield code="m">office@kodaly.hu</subfield>
         <subfield code="u">https://kodaly.hu/</subfield>
         <subfield code="z">tel: +36 / 76 481 518</subfield>
      </datafield>
      <datafield tag="410" ind1=" " ind2=" ">
         <subfield code="a">Liszt Ferenc Zeneművészeti Egyetem Kodály Intézete - Könyvtár, Archívum, Stúdió</subfield>
      </datafield>
      <datafield tag="410" ind1=" " ind2=" ">
         <subfield code="a">Kodály Institute of the Liszt Academy of Music - Library, Archives, Studio</subfield>
      </datafield>
      <datafield tag="510" ind1="2" ind2=" ">
         <subfield code="a">Kodály Institute of the Liszt Academy of Music</subfield>
      </datafield>
      <datafield tag="551" ind1="1" ind2=" ">
         <subfield code="a">Kecskemét</subfield>
         <subfield code="0">places/3023552</subfield>
      </datafield>
   </record>