
   <record>
      <leader>00000nz  a2200000nc 4500</leader>
      <controlfield tag="001">institutions/51006076</controlfield>
      <controlfield tag="003">DE-633</controlfield>
      <controlfield tag="005">20250620052306.0</controlfield>
      <controlfield tag="008">220121||||z|||a|||||||||||||||||n||||||d</controlfield>
      <datafield tag="024" ind1="7" ind2=" ">
         <subfield code="a">H-KKrek</subfield>
         <subfield code="q">siglum</subfield>
         <subfield code="2">rism</subfield>
      </datafield>
      <datafield tag="034" ind1="1" ind2=" ">
         <subfield code="d">19.694881473607843</subfield>
         <subfield code="f">46.90812414903168</subfield>
      </datafield>
      <datafield tag="040" ind1=" " ind2=" ">
         <subfield code="a">DE-633</subfield>
         <subfield code="c">DE-633</subfield>
         <subfield code="e">rismg</subfield>
      </datafield>
      <datafield tag="043" ind1=" " ind2=" ">
         <subfield code="c">XA-HU</subfield>
      </datafield>
      <datafield tag="110" ind1="1" ind2=" ">
         <subfield code="a">Református Egyházközség Könyvtára és Levéltára, Kecskemét</subfield>
         <subfield code="c">Kecskemét</subfield>
         <subfield code="g">H-KKrek</subfield>
      </datafield>
      <datafield tag="368" ind1=" " ind2=" ">
         <subfield code="a">Institution</subfield>
         <subfield code="a">Library</subfield>
         <subfield code="a">Archive</subfield>
      </datafield>
      <datafield tag="371" ind1=" " ind2=" ">
         <subfield code="a">Szabadság tér 7</subfield>
         <subfield code="b">Kecskemét</subfield>
         <subfield code="d">Hungary</subfield>
         <subfield code="e">6000</subfield>
         <subfield code="u">http://www.krekbib.hu/</subfield>
      </datafield>
      <datafield tag="510" ind1="2" ind2=" ">
         <subfield code="a">Library of the Reformed College, Kecskemét</subfield>
      </datafield>
      <datafield tag="551" ind1="1" ind2=" ">
         <subfield code="a">Kecskemét</subfield>
         <subfield code="0">places/3023552</subfield>
      </datafield>
   </record>