
   <record>
      <leader>00000nz  a2200000nc 4500</leader>
      <controlfield tag="001">institutions/51006075</controlfield>
      <controlfield tag="003">DE-633</controlfield>
      <controlfield tag="005">20250620052306.0</controlfield>
      <controlfield tag="008">220121||||z|||a|||||||||||||||||n||||||d</controlfield>
      <datafield tag="024" ind1="7" ind2=" ">
         <subfield code="a">H-KŐkf</subfield>
         <subfield code="q">siglum</subfield>
         <subfield code="2">rism</subfield>
      </datafield>
      <datafield tag="034" ind1="1" ind2=" ">
         <subfield code="d">16.541353169322388</subfield>
         <subfield code="f">47.38856800304908</subfield>
      </datafield>
      <datafield tag="040" ind1=" " ind2=" ">
         <subfield code="a">DE-633</subfield>
         <subfield code="c">DE-633</subfield>
         <subfield code="e">rismg</subfield>
      </datafield>
      <datafield tag="043" ind1=" " ind2=" ">
         <subfield code="c">XA-HU</subfield>
      </datafield>
      <datafield tag="110" ind1="1" ind2=" ">
         <subfield code="a">Magyar Nemzeti Levéltár Vas Megyei Levéltára, Kőszegi Fióklevéltár</subfield>
         <subfield code="c">Kőszeg</subfield>
         <subfield code="g">H-KŐkf</subfield>
      </datafield>
      <datafield tag="368" ind1=" " ind2=" ">
         <subfield code="a">Institution</subfield>
         <subfield code="a">Library</subfield>
         <subfield code="a">Archive</subfield>
      </datafield>
      <datafield tag="371" ind1=" " ind2=" ">
         <subfield code="a">Jurisics tér 2</subfield>
         <subfield code="b">Kőszeg</subfield>
         <subfield code="d">Hungary</subfield>
         <subfield code="e">9730</subfield>
         <subfield code="u">https://mnl.gov.hu/mnl/vaml/a_koszegi_fiokleveltar</subfield>
      </datafield>
      <datafield tag="510" ind1="2" ind2=" ">
         <subfield code="a">Hungarian National Archives / Vas County Archives / Kőszeg Branch Archives</subfield>
      </datafield>
      <datafield tag="551" ind1="1" ind2=" ">
         <subfield code="a">Kőszeg</subfield>
         <subfield code="0">places/3902803</subfield>
      </datafield>
   </record>